% This file was created with JabRef 2.5.
% Encoding: ISO8859_1

@MISC{Kon08,
  author = {Paulo Cheque Bernardo and Fabio Kon},
  title = {{A Importância dos Testes Automatizados}},
  howpublished = {Engenharia de Software Magazine, 1(3), pp. 54-57.},
  year = {2008},
  url = {https://www.estatistica.br/~kon/papers/EngSoftMagazine-IntroducaoTestes.pdf}
}

@STANDARD{GoogleMobileAds11,
  title = {{The Time for Mobile Is Now}},
  author = {GoogleMobileAds},
  howpublished = {Video},
  year = {2011},
  url = {http://www.youtube.com/watch?v=9GalBu\textunderscore cEkM}
}

@STANDARD{eMag11,
  title = {{Modelo de Acessibilidade em Governo Eletrônico}},
  organization = {Ministério da Educação, Secretaria de Educação Profissional e Tecnológica},
  institution = {Ministério do Planejamento, Orçamento e Gestão, Secretaria de Logística
	e Tecnologia da Informação},
  author = {DGE - Departamento de Governo Eletrônico},
  month = {Agosto},
  year = {2011},
  url = {http://www.governoeletronico.gov.br/biblioteca/arquivos/e-mag-3.0/download}
}

