% This file was created with JabRef 2.5.
% Encoding: ISO8859_1

@MISC{Kon08,
  author = {Paulo Cheque Bernardo and Fabio Kon},
  title = {{A Importância dos Testes Automatizados}},
  howpublished = {Engenharia de Software Magazine, 1(3), pp. 54-57.},
  year = {2008},
  url = {https://www.estatistica.br/~kon/papers/EngSoftMagazine-IntroducaoTestes.pdf}
}

@STANDARD{GoogleMobileAds11,
  title = {{The Time for Mobile Is Now}},
  author = {GoogleMobileAds},
  howpublished = {Video},
  year = {2011},
  url = {http://www.youtube.com/watch?feature=player_embedded&v=9GalBu_cEkM#!}
}

@BOOK{test,
  title = {TITLE},
  publisher = {...},
  year = {2011},
  author = {John Smith}
}

